@inproceedings{uddin2017opiner,
  title={Opiner: an opinion search and summarization engine for APIs},
  author={Uddin, Gias and Khomh, Foutse},
  booktitle={Proceedings of the 32nd IEEE/ACM International Conference on Automated Software Engineering},
  pages={978--983},
  year={2017},
  organization={IEEE Press}
}

@inproceedings{uddin2017automatic,
  title={Automatic summarization of API reviews},
  author={Uddin, Gias and Khomh, Foutse},
  booktitle={Automated Software Engineering (ASE), 2017 32nd IEEE/ACM International Conference on},
  pages={159--170},
  year={2017},
  organization={IEEE}
}

@article{li2017mining,
  title={Mining User Reviews for Mobile App Comparisons},
  author={Li, Yuanchun and Jia, Baoxiong and Guo, Yao and Chen, Xiangqun},
  journal={Proceedings of the ACM on Interactive, Mobile, Wearable and Ubiquitous Technologies},
  volume={1},
  number={3},
  pages={75},
  year={2017},
  publisher={ACM}
}

@inproceedings{chen2017unsupervised,
  title={Unsupervised software-specific morphological forms inference from informal discussions},
  author={Chen, Chunyang and Xing, Zhenchang and Wang, Ximing},
  booktitle={Proceedings of the 39th International Conference on Software Engineering},
  pages={450--461},
  year={2017},
  organization={IEEE Press}
}

@inproceedings{chen2016techland,
  title={Techland: Assisting technology landscape inquiries with insights from stack overflow},
  author={Chen, Chunyang and Xing, Zhenchang and Han, Lei},
  booktitle={Software Maintenance and Evolution (ICSME), 2016 IEEE International Conference on},
  pages={356--366},
  year={2016},
  organization={IEEE}
}

@article{mcmillan2012detecting,
  title={Detecting similar software applications},
  author={McMillan, Collin and Grechanik, Mark and Poshyvanyk, Denys},
  booktitle={Proceedings of the 34th International Conference on Software Engineering},
  pages={364--374},
  year={2012},
  organization={IEEE Press}
}

@inproceedings{chen2015simapp,
  title={SimApp: A framework for detecting similar mobile applications by online kernel learning},
  author={Chen, Ning and Hoi, Steven CH and Li, Shaohua and Xiao, Xiaokui},
  booktitle={Proceedings of the Eighth ACM International Conference on Web Search and Data Mining},
  pages={305--314},
  year={2015},
  organization={ACM}
}

@inproceedings{thung2012detecting,
  title={Detecting similar applications with collaborative tagging},
  author={Thung, Ferdian and Lo, David and Jiang, Lingxiao},
  booktitle={Software Maintenance (ICSM), 2012 28th IEEE International Conference on},
  pages={600--603},
  year={2012},
  organization={IEEE}
}

@inproceedings{teyton2013automatic,
  title={Automatic discovery of function mappings between similar libraries},
  author={Teyton, C{\'e}dric and Falleri, Jean-R{\'e}my and Blanc, Xavier},
  booktitle={Reverse Engineering (WCRE), 2013 20th Working Conference on},
  pages={192--201},
  year={2013},
  organization={IEEE}
}

@inproceedings{linares2016automatically,
  title={On automatically detecting similar android apps},
  author={Linares-V{\'a}squez, Mario and Holtzhauer, Andrew and Poshyvanyk, Denys},
  booktitle={Program Comprehension (ICPC), 2016 IEEE 24th International Conference on},
  pages={1--10},
  year={2016},
  organization={IEEE}
}

@inproceedings{zhang2017detecting,
  title={Detecting similar repositories on GitHub},
  author={Zhang, Yun and Lo, David and Kochhar, Pavneet Singh and Xia, Xin and Li, Quanlai and Sun, Jianling},
  booktitle={Software Analysis, Evolution and Reengineering (SANER), 2017 IEEE 24th International Conference on},
  pages={13--23},
  year={2017},
  organization={IEEE}
}

@inproceedings{su2016identifying,
  title={Identifying functionally similar code in complex codebases},
  author={Su, Fang-Hsiang and Bell, Jonathan and Kaiser, Gail and Sethumadhavan, Simha},
  booktitle={Program Comprehension (ICPC), 2016 IEEE 24th International Conference on},
  pages={1--10},
  year={2016},
  organization={IEEE}
}

@article{gu2017deepam,
  title={DeepAM: Migrate APIs with multi-modal sequence to sequence learning},
  author={Gu, Xiaodong and Zhang, Hongyu and Zhang, Dongmei and Kim, Sunghun},
  journal={arXiv preprint arXiv:1704.07734},
  year={2017}
}

@inproceedings{nguyen2017exploring,
  title={Exploring API embedding for API usages and applications},
  author={Nguyen, Trong Duc and Nguyen, Anh Tuan and Phan, Hung Dang and Nguyen, Tien N},
  booktitle={Software Engineering (ICSE), 2017 IEEE/ACM 39th International Conference on},
  pages={438--449},
  year={2017},
  organization={IEEE}
}

@inproceedings{chen2016mining,
  title={Mining analogical libraries in q\&a discussions--incorporating relational and categorical knowledge into word embedding},
  author={Chen, Chunyang and Gao, Sa and Xing, Zhenchang},
  booktitle={Software Analysis, Evolution, and Reengineering (SANER), 2016 IEEE 23rd International Conference on},
  volume={1},
  pages={338--348},
  year={2016},
  organization={IEEE}
}

@inproceedings{michail1999assessing,
  title={Assessing software libraries by browsing similar classes, functions and relationships},
  author={Michail, Amir and Notkin, David},
  booktitle={Proceedings of the 21st international conference on Software engineering},
  pages={463--472},
  year={1999},
  organization={ACM}
}

@article{jones2004traffic,
  title={Traffic simulation software comparison study},
  author={Jones, Steven L and Sullivan, Andrew J and Cheekoti, Naveen and Anderson, Michael D and Malave, D},
  journal={UTCA report},
  volume={2217},
  year={2004}
}

@article{horton2001multiple,
  title={Multiple imputation in practice: comparison of software packages for regression models with missing variables},
  author={Horton, Nicholas J and Lipsitz, Stuart R},
  journal={The American Statistician},
  volume={55},
  number={3},
  pages={244--254},
  year={2001},
  publisher={Taylor \& Francis}
}

@article{adams2006comparison,
  title={A comparison of software and hardware techniques for x86 virtualization},
  author={Adams, Keith and Agesen, Ole},
  journal={ACM SIGARCH Computer Architecture News},
  volume={34},
  number={5},
  pages={2--13},
  year={2006},
  publisher={ACM}
}

@inproceedings{kusner2015word,
  title={From word embeddings to document distances},
  author={Kusner, Matt and Sun, Yu and Kolkin, Nicholas and Weinberger, Kilian},
  booktitle={International Conference on Machine Learning},
  pages={957--966},
  year={2015}
}

@article{girvan2002community,
  title={Community structure in social and biological networks},
  author={Girvan, Michelle and Newman, Mark EJ},
  journal={Proceedings of the national academy of sciences},
  volume={99},
  number={12},
  pages={7821--7826},
  year={2002},
  publisher={National Acad Sciences}
}

@article{vinh2010information,
  title={Information theoretic measures for clusterings comparison: Variants, properties, normalization and correction for chance},
  author={Vinh, Nguyen Xuan and Epps, Julien and Bailey, James},
  journal={Journal of Machine Learning Research},
  volume={11},
  number={Oct},
  pages={2837--2854},
  year={2010}
}

@inproceedings{rosenberg2007v,
  title={V-measure: A conditional entropy-based external cluster evaluation measure},
  author={Rosenberg, Andrew and Hirschberg, Julia},
  booktitle={Proceedings of the 2007 joint conference on empirical methods in natural language processing and computational natural language learning (EMNLP-CoNLL)},
  year={2007}
}

@article{fowlkes1983method,
  title={A method for comparing two hierarchical clusterings},
  author={Fowlkes, Edward B and Mallows, Colin L},
  journal={Journal of the American statistical association},
  volume={78},
  number={383},
  pages={553--569},
  year={1983},
  publisher={Taylor \& Francis Group}
}

@article{hubert1985comparing,
  title={Comparing partitions},
  author={Hubert, Lawrence and Arabie, Phipps},
  journal={Journal of classification},
  volume={2},
  number={1},
  pages={193--218},
  year={1985},
  publisher={Springer}
}

@inproceedings{le2014distributed,
  title={Distributed representations of sentences and documents},
  author={Le, Quoc and Mikolov, Tomas},
  booktitle={International Conference on Machine Learning},
  pages={1188--1196},
  year={2014}
}

@inproceedings{mikolov2013distributed,
  title={Distributed representations of words and phrases and their compositionality},
  author={Mikolov, Tomas and Sutskever, Ilya and Chen, Kai and Corrado, Greg S and Dean, Jeff},
  booktitle={Advances in neural information processing systems},
  pages={3111--3119},
  year={2013}
}

@article{mikolov2013efficient,
  title={Efficient estimation of word representations in vector space},
  author={Mikolov, Tomas and Chen, Kai and Corrado, Greg and Dean, Jeffrey},
  journal={arXiv preprint arXiv:1301.3781},
  year={2013}
}

@inproceedings{kazama2007exploiting,
  title={Exploiting Wikipedia as external knowledge for named entity recognition},
  author={Kazama, Junâ€™ichi and Torisawa, Kentaro},
  booktitle={Proceedings of the 2007 Joint Conference on Empirical Methods in Natural Language Processing and Computational Natural Language Learning (EMNLP-CoNLL)},
  pages={698--707},
  year={2007}
}


@inproceedings{ye2016software,
	title={Software-specific named entity recognition in software engineering social content},
	author={Ye, Deheng and Xing, Zhenchang and Foo, Chee Yong and Ang, Zi Qun and Li, Jing and Kapre, Nachiket},
	booktitle={Software Analysis, Evolution, and Reengineering (SANER), 2016 IEEE 23rd International Conference on},
	volume={1},
	pages={90--101},
	year={2016},
	organization={IEEE}
}

@article{ling2007efficient,
  title={An efficient earth mover's distance algorithm for robust histogram comparison},
  author={Ling, Haibin and Okada, Kazunori},
  journal={IEEE transactions on pattern analysis and machine intelligence},
  volume={29},
  number={5},
  pages={840--853},
  year={2007},
  publisher={IEEE}
}

@inproceedings{pele2009fast,
  title={Fast and robust earth mover's distances},
  author={Pele, Ofir and Werman, Michael},
  booktitle={Computer vision, 2009 IEEE 12th international conference on},
  pages={460--467},
  year={2009},
  organization={IEEE}
}

@article{barua2014developers,
  title={What are developers talking about? an analysis of topics and trends in stack overflow},
  author={Barua, Anton and Thomas, Stephen W and Hassan, Ahmed E},
  journal={Empirical Software Engineering},
  volume={19},
  number={3},
  pages={619--654},
  year={2014},
  publisher={Springer}
}

@inproceedings{treude2011programmers,
  title={How do programmers ask and answer questions on the web?: Nier track},
  author={Treude, Christoph and Barzilay, Ohad and Storey, Margaret-Anne},
  booktitle={Software Engineering (ICSE), 2011 33rd International Conference on},
  pages={804--807},
  year={2011},
  organization={IEEE}
}

@misc{web:mysql1,
	title = {Millions of Queries per Second: PostgreSQL and MySQLâ€™s Peaceful Battle at Todayâ€™s Demanding Workloads},
	howpublished = {\url{https://goo.gl/RXVjkB/}},
	year = {2017},
	note = {Accessed: 2018-04-05}
}

@misc{web:mysql2,
	title = {MySQL vs Postgres},
	howpublished = {\url{https://www.upguard.com/articles/postgres-vs-mysql/}},
	year = {2017},
	note = {Accessed: 2018-04-05}
}

@misc{web:similarweb,
	title = {SimilarWeb},
	howpublished = {\url{https://www.similarweb.com/}},
	year = {2018},
	note = {Accessed: 2018-04-05}
}

@misc{web:alternativeto,
	title = {AlternativeTo - Crowdsourced software recommendations},
	howpublished = {\url{https://alternativeto.net/}},
	year = {2018},
	note = {Accessed: 2018-04-05}
}

@misc{web:similartechgraph,
	title = {SimilarTech: Find alternative libraries across languages},
	howpublished = {\url{https://graphofknowledge.appspot.com/similartech/}},
	year = {2018},
	note = {Accessed: 2018-04-05}
}

@article{hartigan1979algorithm,
  title={Algorithm AS 136: A k-means clustering algorithm},
  author={Hartigan, John A and Wong, Manchek A},
  journal={Journal of the Royal Statistical Society. Series C (Applied Statistics)},
  volume={28},
  number={1},
  pages={100--108},
  year={1979},
  publisher={JSTOR}
}

@article{sparck1972statistical,
  title={A statistical interpretation of term specificity and its application in retrieval},
  author={Sparck Jones, Karen},
  journal={Journal of documentation},
  volume={28},
  number={1},
  pages={11--21},
  year={1972},
  publisher={MCB UP Ltd}
}

@article{bao2017extracting,
  title={Extracting and analyzing time-series HCI data from screen-captured task videos},
  author={Bao, Lingfeng and Li, Jing and Xing, Zhenchang and Wang, Xinyu and Xia, Xin and Zhou, Bo},
  journal={Empirical Software Engineering},
  volume={22},
  number={1},
  pages={134--174},
  year={2017},
  publisher={Springer}
}

@inproceedings{bird2004nltk,
  title={NLTK: the natural language toolkit},
  author={Bird, Steven and Loper, Edward},
  booktitle={Proceedings of the ACL 2004 on Interactive poster and demonstration sessions},
  pages={31},
  year={2004},
  organization={Association for Computational Linguistics}
}

@misc{web:nltktag,
	title = {Alphabetical list of part-of-speech tags used in the Penn Treebank Project},
	howpublished = {\url{https://www.ling.upenn.edu/courses/Fall_2003/ling001/penn_treebank_pos.html}},
	year = {2003},
	note = {Accessed: 2018-02-02}
}

@misc{web:bertblog,
	title = {Open Sourcing BERT: State-of-the-Art Pre-training for Natural Language Processing },
	howpublished ={\url{https://ai.googleblog.com/2018/11/open-sourcing-bert-state-of-art-pre.html}},
	year = {2018},
	note = {Accessed: 2019-09-12}
}

@inproceedings{chen2016similartech,
  title={Similartech: automatically recommend analogical libraries across different programming languages},
  author={Chen, Chunyang and Xing, Zhenchang},
  booktitle={Automated Software Engineering (ASE), 2016 31st IEEE/ACM International Conference on},
  pages={834--839},
  year={2016},
  organization={IEEE}
}

@inproceedings{chen2016explore,
  title={Mining technology landscape from stack overflow},
  author={Chen, Chunyang and Xing, Zhenchang},
  booktitle={Proceedings of the 10th ACM/IEEE International Symposium on Empirical Software Engineering and Measurement},
  pages={14},
  year={2016},
  organization={ACM}
}


@inproceedings{chen2016towards,
  title={Towards correlating search on google and asking on stack overflow},
  author={Chen, Chunyang and Xing, Zhenchang},
  booktitle={Computer Software and Applications Conference (COMPSAC), 2016 IEEE 40th Annual},
  volume={1},
  pages={83--92},
  year={2016},
  organization={IEEE}
}

@article{chen2017community,
  title={By the Community \& For the Community: A Deep Learning Approach to Assist Collaborative Editing in Q\&A Sites},
  author={Chen, Chunyang and Xing, Zhenchang and Liu, Yang},
  journal={Proceedings of the ACM on Human-Computer Interaction},
  volume={1},
  number={32},
  pages={1--32},
  year={2017}
}

@inproceedings{chen2016learning,
  title={Learning a dual-language vector space for domain-specific cross-lingual question retrieval},
  author={Chen, Guibin and Chen, Chunyang and Xing, Zhenchang and Xu, Bowen},
  booktitle={Automated Software Engineering (ASE), 2016 31st IEEE/ACM International Conference on},
  pages={744--755},
  year={2016},
  organization={IEEE}
}

@article{devlin2018bert,
  title={BERT: Pre-training of Deep Bidirectional Transformers for Language Understanding},
  author={Devlin, Jacob and Chang, Ming-Wei and Lee, Kenton and Toutanova, Kristina},
  journal={arXiv preprint arXiv:1810.04805},
  year={2018}
}

@Article{Cortes1995,
author="Cortes, Corinna
and Vapnik, Vladimir",
title="Support-Vector Networks",
journal="Machine Learning",
year="1995",
month="Sep",
day="01",
volume="20",
number="3",
pages="273--297",
abstract="The support-vector network is a new learning machine for two-group classification problems. The machine conceptually implements the following idea: input vectors are non-linearly mapped to a very high-dimension feature space. In this feature space a linear decision surface is constructed. Special properties of the decision surface ensures high generalization ability of the learning machine. The idea behind the support-vector network was previously implemented for the restricted case where the training data can be separated without errors. We here extend this result to non-separable training data.",
issn="1573-0565",
doi="10.1023/A:1022627411411",
url="https://doi.org/10.1023/A:1022627411411"
}


@inproceedings{reimers-2019-sentence-bert,
    title = "Sentence-BERT: Sentence Embeddings using Siamese BERT-Networks",
    author = "Reimers, Nils and Gurevych, Iryna",
    booktitle = "Proceedings of the 2019 Conference on Empirical Methods in Natural Language Processing",
    month = "11",
    year = "2019",
    publisher = "Association for Computational Linguistics",
    url = "http://arxiv.org/abs/1908.10084",
}

@article{chen2019sethesaurus,
title={SEthesaurus: WordNet in Software Engineering},
author={Chen, Xiang and Chen, Chunyang and Zhang, Dun and Xing, Zhenchang},
journal={IEEE Transactions on Software Engineering},
year={2019},
publisher={IEEE}
}

@inproceedings{lin2019pattern,
title={Pattern-based mining of opinions in Q\&A websites},
author={Lin, Bin and Zampetti, Fiorella and Bavota, Gabriele and Di Penta, Massimiliano and Lanza, Michele},
booktitle={Proceedings of the 41st International Conference on Software Engineering},
pages={548--559},
year={2019},
organization={IEEE Press}
}

@article{guzman2017exploratory,
title={An exploratory study of Twitter messages about software applications},
author={Guzman, Emitza and Alkadhi, Rana and Seyff, Norbert},
journal={Requirements Engineering},
volume={22},
number={3},
pages={387--412},
year={2017},
publisher={Springer}
}

@inproceedings{de2018library,
title={Which library should I use?: a metric-based comparison of software libraries},
author={de la Mora, Fernando L{\'o}pez and Nadi, Sarah},
booktitle={Proceedings of the 40th International Conference on Software Engineering: New Ideas and Emerging Results},
pages={37--40},
year={2018},
organization={ACM}
}

@inproceedings{de2018empirical,
title={An Empirical Study of Metric-based Comparisons of Software Libraries},
author={de la Mora, Fernando L{\'o}pez and Nadi, Sarah},
booktitle={Proceedings of the 14th International Conference on Predictive Models and Data Analytics in Software Engineering},
pages={22--31},
year={2018},
organization={ACM}
}

@article{ahasanuzzaman2019caps,
title={CAPS: a supervised technique for classifying Stack Overflow posts concerning API issues},
author={Ahasanuzzaman, Md and Asaduzzaman, Muhammad and Roy, Chanchal K and Schneider, Kevin A},
journal={Empirical Software Engineering},
pages={1--40},
year={2019},
publisher={Springer}
}

@inproceedings{huang2018tell,
title={Tell them apart: distilling technology differences from crowd-scale comparison discussions.},
author={Huang, Yi and Chen, Chunyang and Xing, Zhenchang and Lin, Tian and Liu, Yang},
booktitle={ASE},
pages={214--224},
year={2018}
}

@article{clark2016deep,
  title={Deep reinforcement learning for mention-ranking coreference models},
  author={Clark, Kevin and Manning, Christopher D},
  journal={arXiv preprint arXiv:1609.08667},
  year={2016}
}


@article{ralph2012ontonotes,
  title={Ontonotes release 5.0},
  author={Ralph Weischedel, Sameer Pradhan, Lance Ramshaw,
Jeff Kaufman, Michelle Franchini, Mohammed ElBachouti, Nianwen Xue, Martha Palmer, Jena D
Hwang, Claire Bonial, et al},
  year={2012}
}

@inproceedings{moviebook,
title = {Aligning Books and Movies: Towards Story-like Visual Explanations by Watching Movies and Reading Books},
author = {Yukun Zhu and Ryan Kiros and Richard Zemel and Ruslan Salakhutdinov and Raquel Urtasun and Antonio Torralba and Sanja Fidler},
booktitle = {arXiv preprint arXiv:1506.06724},
year = {2015}
}

@article{reimers2019sentence,
  title={Sentence-BERT: Sentence Embeddings using Siamese BERT-Networks},
  author={Reimers, Nils and Gurevych, Iryna},
  journal={arXiv preprint arXiv:1908.10084},
  year={2019}
}

@misc{web:macroAverage,
	title = {sklearn.metrics.precision\_recall\_fscore\_support},
	howpublished = {\url{https://scikit-learn.org/stable/modules/generated/sklearn.metrics.precision_recall_fscore_support.html}},
	year = {2019},
	note = {Accessed: 2019-11-02}
}

@article{joulin2016fasttext,
  title={FastText.zip: Compressing text classification models},
  author={Joulin, Armand and Grave, Edouard and Bojanowski, Piotr and Douze, Matthijs and J{\'e}gou, H{\'e}rve and Mikolov, Tomas},
  journal={arXiv preprint arXiv:1612.03651},
  year={2016}
}

@article{sutton2012introduction,
  title={An introduction to conditional random fields},
  author={Sutton, Charles and McCallum, Andrew and others},
  journal={Foundations and Trends{\textregistered} in Machine Learning},
  volume={4},
  number={4},
  pages={267--373},
  year={2012},
  publisher={Now Publishers, Inc.}
}

@article{pang2008opinion,
  title={Opinion mining and sentiment analysis},
  author={Pang, Bo and Lee, Lillian and others},
  journal={Foundations and Trends{\textregistered} in Information Retrieval},
  volume={2},
  number={1--2},
  pages={1--135},
  year={2008},
  publisher={Now Publishers, Inc.}
}

@inproceedings{nair2010rectified,
  title={Rectified linear units improve restricted boltzmann machines},
  author={Nair, Vinod and Hinton, Geoffrey E},
  booktitle={Proceedings of the 27th international conference on machine learning (ICML-10)},
  pages={807--814},
  year={2010}
}

@inproceedings{honnibal2015improved,
  title={An improved non-monotonic transition system for dependency parsing},
  author={Honnibal, Matthew and Johnson, Mark},
  booktitle={Proceedings of the 2015 Conference on Empirical Methods in Natural Language Processing},
  pages={1373--1378},
  year={2015}
}

@misc{web:bertmodel,
	title = {Bidirectional Encoder Representations from Transformers (BERT)},
	howpublished ={\url{https://tfhub.dev/tensorflow/bert_en_wwm_uncased_L-24_H-1024_A-16/1}},
	year = {2019},
	note = {Accessed: 2019-11-15}
}

@inproceedings{lin2019pattern,
	title={Pattern-based mining of opinions in Q\&A websites},
	author={Lin, Bin and Zampetti, Fiorella and Bavota, Gabriele and Di Penta, Massimiliano and Lanza, Michele},
	booktitle={Proceedings of the 41st International Conference on Software Engineering},
	pages={548--559},
	year={2019},
	organization={IEEE Press}
}